@online{name,
author="",
title="",
url="",
addendum=""
}
@online{QuickSort,
author="Arturo Arreola Alvarez",
title="Ventajas y desventajas de quicksort",
url="https://quicksortweb.wordpress.com/2017/10/07/ventajas-desventajas-y-aplicaciones/",
addendum="(accessed:23.05.2021)"
}
